
@article{domingos2012few,
  title={A few useful things to know about machine learning},
  author={Domingos, Pedro},
  journal={Communications of the ACM},
  volume={55},
  number={10},
  pages={78--87},
  year={2012},
  publisher={ACM}
}
